<?xml version="1.0" encoding="UTF-8"?><collection xmlns="http://www.loc.gov/MARC21/slim"><record><leader>00453nam--2200145-i-4500</leader><controlfield tag="001">000009549</controlfield><controlfield tag="002">20161230</controlfield><controlfield tag="005">20170206190043</controlfield><controlfield tag="008">060222s1000------------r-----000-0-eng-d</controlfield><datafield ind1=" " ind2=" " tag="100"><subfield code="a">Carvalho, Herculano A., De</subfield></datafield><datafield ind1=" " ind2=" " tag="245"><subfield code="a">Electrodos selectivos de ioes. consideracoes sobre o seu emprego em quimica analitica aplicada</subfield></datafield><datafield ind1=" " ind2=" " tag="260"><subfield code="a">/F.Lod.</subfield><subfield code="b">Universidade De Lourenco Marques</subfield><subfield code="c">1970</subfield></datafield><datafield ind1=" " ind2=" " tag="300"><subfield code="a">/-161-175/p</subfield></datafield><datafield ind1=" " ind2=" " tag="852"><subfield code="a">543</subfield></datafield><datafield ind1=" " ind2=" " tag="CAT"><subfield code="a">SYS</subfield><subfield code="c">20170206</subfield><subfield code="h">190043</subfield></datafield></record></collection>